@MISC{mit:glycemicindex,
	title = "{Glycemic Index}",
	author = {K. Davis},
	institution = "{MIT Sports Medicine}",
	year = {2005},
	note = "\url{http://web.mit.edu/athletics/sportsmedicine/wcrglycemicindex.html}",
}

@BOOK{norden:glycemicindex,
    author = "{Nordic Council of Ministers}",
    editor = {},
    title = "{Glycemic Index - From Research to Nutrition Recommendations?}",
    publisher = "{Nordic Council of Ministers}",
    year = {2005},
    city = {Copenhagen},
    note  = "\url{http://www.norden.org/pub/velfaerd/livsmedel/uk/TN2005589.pdf}",
    ISBN = {92-893-1256-4},
    otherinfo = {}
}

@ARTICLE{glycemicindex:table,
        author = {Kaye Foster-Powell and Susanna HA Holt and Janette C Brand-Miller},
        title = "{International table of glycemic index and glycemic load values: 2002}",
        journal = "{The American Journal of Clinic Nutrition}",
        year = {2002},
        note  = "\url{http://www.ajcn.org/cgi/reprint/76/1/5}",
        otherinfo = {}
}
